@article{facoetti2016non,
	title={From non-ergodic eigenvectors to local resolvent statistics and back: A random matrix perspective},
	author={Facoetti, Davide and Vivo, Pierpaolo and Biroli, Giulio},
	journal={Europhysics Letters},
	volume={115},
	number={4},
	pages={47003},
	year={2016},
	publisher={IOP Publishing}
}
@article{donoho2000high,
  title={High-dimensional data analysis: The curses and blessings of dimensionality},
  author={Donoho, David L and others},
  journal={AMS math challenges lecture},
  volume={1},
  number={2000},
  pages={32},
  year={2000}
}
@article{albergo2023stochastic,
  title={Stochastic interpolants: A unifying framework for flows and diffusions},
  author={Albergo, Michael S and Boffi, Nicholas M and Vanden-Eijnden, Eric},
  journal={arXiv preprint arXiv:2303.08797},
  year={2023}
}
@article {ambrogioni_stat_thermo,
title={The statistical thermodynamics of generative diffusion
models},
author={Ambrogioni, Luca},
  journal={arXiv preprint arXiv:2310.17467},
  year={2023}
}
@article{lucibello2023exponential,
  title={The Exponential Capacity of Dense Associative Memories},
  author={Lucibello, Carlo and M{\'e}zard, Marc},
  journal={Phys.Rev.Lett},
volume={132},
pages={077301},
  year={2024}
}
@article{bonnaire2023high,
  title={High-Dimensional Non-Convex Landscapes and Gradient Descent Dynamics},
  author={Bonnaire, Tony and Ghio, Davide and Krishnamurthy, Kamesh and Mignacco, Francesca and Yamamura, Atsushi and Biroli, Giulio},
  journal={arXiv preprint arXiv:2308.03754},
  year={2023}
}
@book{chaikin1995principles,
  title={Principles of condensed matter physics},
  author={Chaikin, Paul M and Lubensky, Tom C and Witten, Thomas A},
  volume={10},
  year={1995},
  publisher={Cambridge university press Cambridge}
}

@book{zinn2021quantum,
  title={Quantum field theory and critical phenomena},
  author={Zinn-Justin, Jean},
  volume={171},
  year={2021},
  publisher={Oxford university press}
}

@book{opper2001advanced,
  title={Advanced mean field methods: Theory and practice},
  author={Opper, Manfred and Saad, David},
  year={2001},
  publisher={MIT press}
}



@book{privman1990finite,
  title={Finite size scaling and numerical simulation of statistical systems},
  author={Privman, Vladimir},
  year={1990},
  publisher={World Scientific}
}

@article{derrida1981random,
  title={Random-energy model: An exactly solvable model of disordered systems},
  author={Derrida, Bernard},
  journal={Physical Review B},
  volume={24},
  number={5},
  pages={2613},
  year={1981},
  publisher={APS}
}

@inproceedings{lugmayr2022repaint,
  title={Repaint: Inpainting using denoising diffusion probabilistic models},
  author={Lugmayr, Andreas and Danelljan, Martin and Romero, Andres and Yu, Fisher and Timofte, Radu and Van Gool, Luc},
  booktitle={Proceedings of the IEEE/CVF Conference on Computer Vision and Pattern Recognition},
  pages={11461--11471},
  year={2022}
}
@article{GBM,
  title={Generative diffusion in very large dimensions},
  author={Biroli, Giulio and M{\'e}zard, Marc},
  journal={J. Stat. Mech.},
  year={2023},
  pages={093402},
}

@book{LE,
  title={Principles of condensed matter physics},
  author={Chaikin, Paul M and Lubensky, Tom C and Witten, Thomas A},
  volume={10},
  year={1995},
  publisher={Cambridge university press Cambridge}
}

@article{ambrogioni,
  title={Spontaneous symmetry breaking in generative diffusion models},
  author={Raya, Gabriel and Ambrogioni, Luca},
  journal={arXiv preprint arXiv:2305.19693},
  year={2023}
}

@misc{benigni2020eigenvectors,
	title={Eigenvectors distribution and quantum unique ergodicity for deformed Wigner matrices},
	author={Benigni, Lucas},
	year={2020},
 eprint={1711.07103},
      archivePrefix={arXiv},
}


@article{lee2022convergence,
  title={Convergence for score-based generative modeling with polynomial complexity},
  author={Lee, Holden and Lu, Jianfeng and Tan, Yixin},
  journal={arXiv preprint arXiv:2206.06227},
  year={2022}
}
@article{de2021diffusion,
  title={Diffusion Schr{\"o}dinger bridge with applications to score-based generative modeling},
  author={De Bortoli, Valentin and Thornton, James and Heng, Jeremy and Doucet, Arnaud},
  journal={Advances in Neural Information Processing Systems},
  volume={34},
  pages={17695--17709},
  year={2021}
}

@article{de2022convergence,
  title={Convergence of denoising diffusion models under the manifold hypothesis},
  author={De Bortoli, Valentin},
  journal={arXiv preprint arXiv:2208.05314},
  year={2022}
}

@article{von2019non,
	title={Non-ergodic delocalization in the Rosenzweig--Porter model},
	author={von Soosten, Per and Warzel, Simone},
	journal={Letters in Mathematical Physics},
	volume={109},
	pages={905--922},
	year={2019},
	publisher={Springer}
}
@inproceedings{Sohl_Dickstein2015,
  title={Deep Unsupervised Learning using Nonequilibrium Thermodynamics},
  author={Sohl-Dickstein, Jascha and Weiss, Eric and Maheswaranathan, Niru and Ganguli, Surya},
  booktitle={International Conference on Machine Learning},
  year={2015}
}
@article{Anderson1982reverse-diff,
  title={Reverse-time Diffusion Equation Models},
  author={Anderson, Brian DO},
  journal={Stochastic Processes and their Applications},
  volume={12},
  number={3},
  pages={313--326},
  year={1982},
  publisher={Elsevier}
}

@article{Song2019,
  title={Generative Modeling by Estimating Gradients of the Data Distribution},
  author={Song, Yang and Ermon, Stefano},
  journal={Advances in Neural Information Processing Systems},
  year={2019}
}
@misc{guth2022wavelet,
      title={Wavelet Score-Based Generative Modeling}, 
      author={Florentin Guth and Simon Coste and Valentin De Bortoli and Stephane Mallat},
      year={2022},
      eprint={2208.05003},
      archivePrefix={arXiv},
      primaryClass={cs.LG}
}
@article{devroye2018total,
  title={The total variation distance between high-dimensional Gaussians with the same mean},
  author={Devroye, Luc and Mehrabian, Abbas and Reddad, Tommy},
  journal={arXiv preprint arXiv:1810.08693},
  year={2018}
}
@article{ho2020denoising,
  title={Denoising diffusion probabilistic models},
  author={Ho, Jonathan and Jain, Ajay and Abbeel, Pieter},
  journal={Advances in neural information processing systems},
  volume={33},
  pages={6840--6851},
  year={2020}
}
@article{yang2022diffusion,
  title={Diffusion models: A comprehensive survey of methods and applications},
  author={Yang, Ling and Zhang, Zhilong and Song, Yang and Hong, Shenda and Xu, Runsheng and Zhao, Yue and Shao, Yingxia and Zhang, Wentao and Cui, Bin and Yang, Ming-Hsuan},
  journal={arXiv preprint arXiv:2209.00796},
  year={2022}
}
@inproceedings{Song_Sohl-Dickstein2021,
    title={Score-Based Generative Modeling through Stochastic Differential Equations},
    author={Yang Song and Jascha Sohl-Dickstein and Diederik P Kingma and Abhishek Kumar and Stefano Ermon and Ben Poole},
    booktitle={International Conference on Learning Representations},
    year={2021},
}
@inproceedings{yoon2023diffusion,
  title={Diffusion probabilistic models generalize when they fail to memorize},
  author={Yoon, TaeHo and Choi, Joo Young and Kwon, Sehyun and Ryu, Ernest K},
  booktitle={ICML 2023 Workshop on Structured Probabilistic Inference $\{$$\backslash$\&$\}$ Generative Modeling},
  year={2023}
}
@article{kadkhodaie2023generalization,
  title={Generalization in diffusion models arises from geometry-adaptive harmonic representation},
  author={Kadkhodaie, Zahra and Guth, Florentin and Simoncelli, Eero P and Mallat, St{\'e}phane},
  journal={arXiv preprint arXiv:2310.02557},
  year={2023}
}

@book{charbonneau2023spin,
  title={Spin Glass Theory and Far Beyond: Replica Symmetry Breaking after 40 Years},
  author={Charbonneau, Patrick and Marinari, Enzo and Parisi, Giorgio and Ricci-tersenghi, Federico and Sicuro, Gabriele and Zamponi, Francesco and Mezard, Marc},
  year={2023},
  publisher={World Scientific}
}
@book{mezard2009information,
  title={Information, physics, and computation},
  author={Mezard, Marc and Montanari, Andrea},
  year={2009},
  publisher={Oxford University Press}
}

@article{Ho2020,
  title={Denoising Diffusion Probabilistic Models},
  author={Ho, Jonathan and Jain, Ajay and Abbeel, Pieter},
  journal={Advances in Neural Information Processing Systems},
  year={2020}
}

@article{berthier2011theoretical,
  title={Theoretical perspective on the glass transition and amorphous materials},
  author={Berthier, Ludovic and Biroli, Giulio},
  journal={Reviews of modern physics},
  volume={83},
  number={2},
  pages={587},
  year={2011},
  publisher={APS}
}

@article{ruelle1987mathematical,
  title={A mathematical reformulation of Derrida's REM and GREM},
  author={Ruelle, David},
  journal={Communications in Mathematical Physics},
  volume={108},
  pages={225--239},
  year={1987},
  publisher={Springer}
}
@book{mezard1987spin,
  title={Spin glass theory and beyond: An Introduction to the Replica Method and Its Applications},
  author={M{\'e}zard, Marc and Parisi, Giorgio and Virasoro, Miguel Angel},
  volume={9},
  year={1987},
  publisher={World Scientific Publishing Company}
}

@article{ben2005limit,
  title={Limit theorems for sums of random exponentials},
  author={Ben Arous, G{\'e}rard and Bogachev, Leonid V and Molchanov, Stanislav A},
  journal={Probability theory and related fields},
  volume={132},
  pages={579--612},
  year={2005},
  publisher={Springer}
}

@article{cui2023analysis,
  title={Analysis of learning a flow-based generative model from limited sample complexity},
  author={Cui, Hugo and Krzakala, Florent and Vanden-Eijnden, Eric and Zdeborov{\'a}, Lenka},
  journal={arXiv preprint arXiv:2310.03575},
  year={2023}
}

@article{ghio2023sampling,
  title={Sampling with flows, diffusion and autoregressive neural networks: A spin-glass perspective},
  author={Ghio, Davide and Dandi, Yatin and Krzakala, Florent and Zdeborov{\'a}, Lenka},
  journal={arXiv preprint arXiv:2308.14085},
  year={2023}
}

@article{givens1984class,
  title={A class of Wasserstein metrics for probability distributions.},
  author={Givens, Clark R and Shortt, Rae Michael},
  journal={Michigan Mathematical Journal},
  volume={31},
  number={2},
  pages={231--240},
  year={1984},
  publisher={University of Michigan, Department of Mathematics}
}

@article{panaretos2019statistical,
  title={Statistical aspects of Wasserstein distances},
  author={Panaretos, Victor M and Zemel, Yoav},
  journal={Annual review of statistics and its application},
  volume={6},
  pages={405--431},
  year={2019},
  publisher={Annual Reviews}
}
@inproceedings{belkin2002using,
  title={Using manifold stucture for partially labeled classification},
  author={Belkin, Mikhail and Niyogi, Partha},
  booktitle={Advances in neural information processing systems},
  pages={929--936},
  year={2002}
}

@article{berard1994embedding,
  title={Embedding Riemannian manifolds by their heat kernel},
  author={B{\'e}rard, Pierre and Besson, G{\'e}rard and Gallot, Sylvain},
  journal={Geometric \& Functional Analysis GAFA},
  volume={4},
  number={4},
  pages={373--398},
  year={1994},
  publisher={Springer}
}



@article{coifman2005geometric,
  title={Geometric diffusions as a tool for harmonic analysis and structure definition of data: Diffusion maps},
  author={Coifman, Ronald R and Lafon, Stephane and Lee, Ann B and Maggioni, Mauro and Nadler, Boaz and Warner, Frederick and Zucker, Steven W},
  journal={Proceedings of the National Academy of Sciences of the United States of America},
  volume={102},
  number={21},
  pages={7426--7431},
  year={2005},
  publisher={National Acad Sciences}
}

@phdthesis {phdthesis,
  author={R. J. Ferrell Thomas},
  title={Enamel defects, well-being and mortality in a medieval Danish village},
  school={Pennsylvania State University},
   address={University Park, PA},
  year={2003}
}

@mastersthesis{masterthesis,
  author    = {Timothy M. Toolan},
  title     = {Advances in Sliding Window Subspace Tracking},
  school    = {University of Rhode Island},
  address={Kingston, RI},
  year      = {2005},
}



@INPROCEEDINGS{Liu2015_CelebA,
  author={Liu, Ziwei and Luo, Ping and Wang, Xiaogang and Tang, Xiaoou},
  booktitle={2015 IEEE International Conference on Computer Vision (ICCV)}, 
  title={Deep Learning Face Attributes in the Wild}, 
  year={2015},
  volume={},
  number={},
  pages={3730-3738},
  doi={10.1109/ICCV.2015.425}}

@misc{Yu2015_LSUN,
      title={LSUN: Construction of a Large-scale Image Dataset using Deep Learning with Humans in the Loop}, 
      author={Fisher Yu and Ari Seff and Yinda Zhang and Shuran Song and Thomas Funkhouser and Jianxiong Xiao},
      year={2016},
      eprint={1506.03365},
      archivePrefix={arXiv},
      primaryClass={cs.CV}
}

@misc{Chrabaszcz2017_Imagenet_downsampled,
      title={A Downsampled Variant of ImageNet as an Alternative to the CIFAR datasets}, 
      author={Patryk Chrabaszcz and Ilya Loshchilov and Frank Hutter},
      year={2017},
      eprint={1707.08819},
      archivePrefix={arXiv},
      primaryClass={cs.CV}
}

@article{Krizhevsky2009_CIFAR,
  title={Learning multiple layers of features from tiny images},
  author={Krizhevsky, Alex and Hinton, Geoffrey and others},
  year={2009},
  journal={Toronto, ON, Canada}
}

@ARTICLE{Lecun1998,
  author={Lecun, Y. and Bottou, L. and Bengio, Y. and Haffner, P.},
  journal={Proceedings of the IEEE}, 
  title={Gradient-based learning applied to document recognition}, 
  year={1998},
  volume={86},
  number={11},
  pages={2278-2324},
  doi={10.1109/5.726791}}

@INPROCEEDINGS{Kaiming2015_ResNet,
  author={He, Kaiming and Zhang, Xiangyu and Ren, Shaoqing and Sun, Jian},
  booktitle={2016 IEEE Conference on Computer Vision and Pattern Recognition (CVPR)}, 
  title={Deep Residual Learning for Image Recognition}, 
  year={2016},
  volume={},
  number={},
  pages={770-778},
  doi={10.1109/CVPR.2016.90}}

@incollection{Pytorch_2019, 
title = {PyTorch: An Imperative Style, High-Performance Deep Learning Library}, 
author = {Paszke, Adam and Gross, Sam and Massa, Francisco and Lerer, Adam and Bradbury, James and Chanan, Gregory and Killeen, Trevor and Lin, Zeming and Gimelshein, Natalia and Antiga, Luca and Desmaison, Alban and Kopf, Andreas and Yang, Edward and DeVito, Zachary and Raison, Martin and Tejani, Alykhan and Chilamkurthy, Sasank and Steiner, Benoit and Fang, Lu and Bai, Junjie and Chintala, Soumith}, 
booktitle = {Advances in Neural Information Processing Systems 32}, 
pages = {8024--8035}, 
year = {2019}, 
publisher = {Curran Associates, Inc.}
}

@inproceedings{Ronneberger2015_unet,
  title={U-net: Convolutional networks for biomedical image segmentation},
  author={Ronneberger, Olaf and Fischer, Philipp and Brox, Thomas},
  booktitle={Medical Image Computing and Computer-Assisted Intervention--MICCAI 2015: 18th International Conference, Munich, Germany, October 5-9, 2015, Proceedings, Part III 18},
  pages={234--241},
  year={2015},
  organization={Springer}
}

@article{song2020denoising,
  title={Denoising diffusion implicit models},
  author={Song, Jiaming and Meng, Chenlin and Ermon, Stefano},
  journal={arXiv preprint arXiv:2010.02502},
  year={2020}
}

@article{luo2022understanding,
  title={Understanding diffusion models: A unified perspective},
  author={Luo, Calvin},
  journal={arXiv preprint arXiv:2208.11970},
  year={2022}
}

@article{benton2023linear,
  title={Linear convergence bounds for diffusion models via stochastic localization},
  author={Benton, Joe and De Bortoli, Valentin and Doucet, Arnaud and Deligiannidis, George},
  journal={arXiv preprint arXiv:2308.03686},
  year={2023}
}

@article{conforti2023score,
  title={Score diffusion models without early stopping: finite Fisher information is all you need},
  author={Conforti, Giovanni and Durmus, Alain and Silveri, Marta Gentiloni},
  journal={arXiv preprint arXiv:2308.12240},
  year={2023}
}

@article{chen2022sampling,
  title={Sampling is as easy as learning the score: theory for diffusion models with minimal data assumptions},
  author={Chen, Sitan and Chewi, Sinho and Li, Jerry and Li, Yuanzhi and Salim, Adil and Zhang, Anru R},
  journal={arXiv preprint arXiv:2209.11215},
  year={2022}
}

@article{saharia2022photorealistic,
  title={Photorealistic text-to-image diffusion models with deep language understanding},
  author={Saharia, Chitwan and Chan, William and Saxena, Saurabh and Li, Lala and Whang, Jay and Denton, Emily L and Ghasemipour, Kamyar and Gontijo Lopes, Raphael and Karagol Ayan, Burcu and Salimans, Tim and others},
  journal={Advances in Neural Information Processing Systems},
  volume={35},
  pages={36479--36494},
  year={2022}
}

@article{bar2024lumiere,
  title={Lumiere: A Space-Time Diffusion Model for Video Generation},
  author={Bar-Tal, Omer and Chefer, Hila and Tov, Omer and Herrmann, Charles and Paiss, Roni and Zada, Shiran and Ephrat, Ariel and Hur, Junhwa and Li, Yuanzhen and Michaeli, Tomer and others},
  journal={arXiv preprint arXiv:2401.12945},
  year={2024}
}

@article{hyvarinen2005estimation,
  title={Estimation of non-normalized statistical models by score matching.},
  author={Hyv{\"a}rinen, Aapo and Dayan, Peter},
  journal={Journal of Machine Learning Research},
  volume={6},
  number={4},
  year={2005}
}

@article{poole2022dreamfusion,
  title={Dreamfusion: Text-to-3d using 2d diffusion},
  author={Poole, Ben and Jain, Ajay and Barron, Jonathan T and Mildenhall, Ben},
  journal={arXiv preprint arXiv:2209.14988},
  year={2022}
}

@article{haussmann1986time,
  title={Time reversal of diffusions},
  author={Haussmann, Ulrich G and Pardoux, Etienne},
  journal={The Annals of Probability},
  pages={1188--1205},
  year={1986},
  publisher={JSTOR}
}

@article{cattiaux2021time,
  title={Time reversal of diffusion processes under a finite entropy condition},
  author={Cattiaux, Patrick and Conforti, Giovanni and Gentil, Ivan and L{\'e}onard, Christian},
  journal={arXiv preprint arXiv:2104.07708},
  year={2021}
}

@article{vincent2011connection,
  title={A connection between score matching and denoising autoencoders},
  author={Vincent, Pascal},
  journal={Neural computation},
  volume={23},
  number={7},
  pages={1661--1674},
  year={2011},
  publisher={MIT Press}
}